<?xml version="1.0" encoding="UTF-8"?><collection xmlns="http://www.loc.gov/MARC21/slim"><record><leader>00302nam--2200121-i-4500</leader><controlfield tag="001">000044514</controlfield><controlfield tag="002">20161230</controlfield><controlfield tag="005">20161230201044</controlfield><controlfield tag="008">060222s1000------------r-----000-0-eng-d</controlfield><datafield ind1=" " ind2=" " tag="100"><subfield code="a">Putman, Palmer Cosslett</subfield></datafield><datafield ind1=" " ind2=" " tag="245"><subfield code="a">Energy in the future</subfield></datafield><datafield ind1=" " ind2=" " tag="260"><subfield code="a">New Jersy, Van Nostrand, 1955, X+556p</subfield></datafield><datafield ind1=" " ind2=" " tag="852"><subfield code="a">10887</subfield></datafield></record></collection>